@article{wagenmakers2007,
	doi = {10.3758/bf03194105},
	year = 2007,
	publisher = {Springer Nature},
	volume = {14},
	number = {5},
	pages = {779--804},
	author = {Eric-Jan Wagenmakers},
	title = {A practical solution to the pervasive problems of $p$ values},
	journal = {Psychonomic {B}ulletin {\&} {R}eview}
}

@article{kass1995,
	doi = {10.2307/2291091},
	year = 1995,
	publisher = {{JSTOR}},
	volume = {90},
	number = {430},
	pages = {773},
	author = {Robert E. Kass and Adrian E. Raftery},
	title = {Bayes Factors},
	journal = {Journal of the {A}merican {S}tatistical {A}ssociation}
}

@article{cantlon2006,
	doi = {10.1111/j.1467-9280.2006.01719.x},
	year = 2006,
	publisher = {{SAGE} Publications},
	volume = {17},
	number = {5},
	pages = {401--406},
	author = {Jessica F. Cantlon and Elizabeth M. Brannon},
	title = {Shared System for Ordering Small and Large Numbers in Monkeys and Humans},
	journal = {Psychological {S}cience}
}

@article{pavio1975,
	doi = {10.3758/bf03198229},
	url = {http://dx.doi.org/10.3758/bf03198229},
	year = 1975,
	publisher = {Springer Science $\mathplus$ Business Media},
	volume = {3},
	number = {6},
	pages = {635--647},
	author = {Allan Paivio},
	title = {Perceptual comparisons through the mind's eye},
	journal = {Memory {\&} {C}ognition}
}

@article{schwarzHeinze1998,
	doi = {10.1016/s0028-3932(98)00001-3},
	url = {http://dx.doi.org/10.1016/s0028-3932(98)00001-3},
	year = 1998,
	publisher = {Elsevier {BV}},
	volume = {36},
	number = {11},
	pages = {1167--1179},
	author = {Wolfgang Schwarz and Hans Jochen Heinze},
	title = {On the interaction of numerical and size information in digit comparison: {A} behavioral and event-related potential study},
	journal = {Neuropsychologia}
}

@article{faulkenberryShaki2016,
	doi = {10.1016/j.actpsy.2015.11.010},
	url = {http://dx.doi.org/10.1016/j.actpsy.2015.11.010},
	year = 2016,
	publisher = {Elsevier {BV}},
	volume = {163},
	pages = {114--123},
	author = {Faulkenberry, Thomas J. and Cruise, A. and Lavro, D. and Shaki, S.},
	title = {Response trajectories capture the continuous dynamics of the size congruity effect},
	journal = {Acta {P}sychologica}
}

@article{szucs2007,
	doi = {10.1016/j.neuropsychologia.2007.06.013},
	url = {http://dx.doi.org/10.1016/j.neuropsychologia.2007.06.013},
	year = 2007,
	publisher = {Elsevier {BV}},
	volume = {45},
	number = {14},
	pages = {3190--3202},
	author = {D{\'{e}}nes Sz{\H{u}}cs and Fruzsina Solt{\'{e}}sz},
	title = {Event-related potentials dissociate facilitation and interference effects in the numerical {S}troop paradigm},
	journal = {Neuropsychologia}
}

@article{szucs2008,
	doi = {10.1016/j.brainres.2007.11.010},
	url = {http://dx.doi.org/10.1016/j.brainres.2007.11.010},
	year = 2008,
	publisher = {Elsevier {BV}},
	volume = {1190},
	pages = {143--158},
	author = {D{\'{e}}nes Sz{\H{u}}cs and Fruzsina Solt{\'{e}}sz},
	title = {The interaction of task-relevant and task-irrelevant stimulus features in the number/size congruency paradigm: {A}n {ERP} study},
	journal = {Brain {R}esearch}
}

@article{reike2017,
	doi = {10.3758/s13414-016-1267-4},
	year = 2017,
	publisher = {Springer Nature},
	volume = {79},
	number = {2},
	pages = {383--388},
	author = {Dennis Reike and Wolfgang Schwarz},
	title = {Exploring the origin of the number-size congruency effect: {S}ensitivity or response bias?},
	journal = {Attention, {P}erception, {\&} {P}sychophysics}
}

@article{santens2011,
	doi = {10.1016/j.cognition.2010.10.014},
	url = {http://dx.doi.org/10.1016/j.cognition.2010.10.014},
	year = 2011,
	publisher = {Elsevier {BV}},
	volume = {118},
	number = {1},
	pages = {94--110},
	author = {Seppe Santens and Tom Verguts},
	title = {The size congruity effect: {I}s bigger always more?},
	journal = {Cognition}
}

@article{verguts2005,
	doi = {10.3758/bf03196349},
	year = 2005,
	publisher = {Springer Nature},
	volume = {12},
	number = {1},
	pages = {66--80},
	author = {Tom Verguts and Wim Fias and MichaÃ«l Stevens},
	title = {A model of exact small-number representation},
	journal = {Psychonomic {B}ulletin {\&} {R}eview}
}
@article{gevers2006,
	doi = {10.1037/0096-1523.32.1.32},
	year = 2006,
	publisher = {American Psychological Association ({APA})},
	volume = {32},
	number = {1},
	pages = {32--44},
	author = {Wim Gevers and Tom Verguts and Bert Reynvoet and Bernie Caessens and Wim Fias},
	title = {Numbers and space: {A} computational model of the {SNARC} effect.},
	journal = {Journal of {E}xperimental {P}sychology: {H}uman {P}erception and {P}erformance}
}

@article{cohenKadosh2007,
	doi = {10.1162/jocn.2007.19.6.957},
	url = {http://dx.doi.org/10.1162/jocn.2007.19.6.957},
	year = 2007,
	publisher = {{MIT} Press - Journals},
	volume = {19},
	number = {6},
	pages = {957--970},
	author = {Cohen Kadosh, R. and Cohen Kadosh, K. and David E. J. Linden and Wim Gevers and Andrea Berger and Avishai Henik},
	title = {The Brain Locus of Interaction between Number and Size: {A} Combined Functional Magnetic Resonance Imaging and Event-related Potential Study},
	journal = {Journal of {C}ognitive {N}euroscience}
}

@article{sobel2016,
	doi = {10.3758/s13414-016-1098-3},
	year = 2016,
	publisher = {Springer Nature},
	volume = {78},
	number = {5},
	pages = {1324--1336},
	author = {Kenith V. Sobel and Amrita M. Puri and Thomas J. Faulkenberry},
	title = {Bottom-up and top-down attentional contributions to the size congruity effect},
	journal = {Attention, {P}erception, {\&} {P}sychophysics}
}

@article{sobel2017,
	doi = {10.1037/xhp0000323},
	year = 2017,
	publisher = {American Psychological Association ({APA})},
	volume = {43},
	number = {3},
	pages = {444--453},
	author = {Kenith V. Sobel and Amrita M. Puri and Thomas J. Faulkenberry and Taylor D. Dague},
	title = {Visual search for conjunctions of physical and numerical size shows that they are processed independently.},
	journal = {Journal of {E}xperimental {P}sychology: {H}uman {P}erception and {P}erformance}
}

@article{krause2016,
	doi = {10.1007/s00426-016-0771-4},
	year = 2016,
	publisher = {Springer Nature},
	volume = {81},
	number = {3},
	pages = {664--677},
	author = {Florian Krause and Harold Bekkering and Jay Pratt and Oliver Lindemann},
	title = {Interaction between numbers and size during visual search},
	journal = {Psychological {R}esearch}
}


@article{brown2008,
	doi = {10.1016/j.cogpsych.2007.12.002},
	year = 2008,
	publisher = {Elsevier {BV}},
	volume = {57},
	number = {3},
	pages = {153--178},
	author = {Scott D. Brown and Andrew Heathcote},
	title = {The simplest complete model of choice response time: {L}inear ballistic accumulation},
	journal = {Cognitive {P}sychology}
}

@article{heathcote2012,
	doi = {10.1037/a0028189},
	year = 2012,
	publisher = {American Psychological Association ({APA})},
	volume = {66},
	number = {2},
	pages = {125--136},
	author = {Andrew Heathcote and Brett Hayes},
	title = {Diffusion versus linear ballistic accumulation: {D}ifferent models for response time with different conclusions about psychological mechanisms?},
	journal = {Canadian {J}ournal of {E}xperimental {P}sychology}
}

@article{faulkenberry2017,
	doi = {10.3389/fpsyg.2017.01225},
	year = 2017,
	publisher = {Frontiers Media {SA}},
	volume = {8},
	author = {Thomas J. Faulkenberry},
	title = {A Single-Boundary Accumulator Model of Response Times in an Addition Verification Task},
	journal = {Frontiers in {P}sychology}
}

@article{anders2015,
	doi = {10.1016/j.cogpsych.2015.07.002},
	year = 2015,
	publisher = {Elsevier {BV}},
	volume = {82},
	pages = {57--73},
	author = {Royce Anders and S. Ri{\`{e}}s and L. van Maanen and F.-X. Alario},
	title = {Evidence accumulation as a model for lexical selection},
	journal = {Cognitive {P}sychology}
}

@article{oppenheim2010,
	doi = {10.1016/j.cognition.2009.09.007},
	year = 2010,
	publisher = {Elsevier {BV}},
	volume = {114},
	number = {2},
	pages = {227--252},
	author = {Gary M. Oppenheim and Gary S. Dell and Myrna F. Schwartz},
	title = {The dark side of incremental learning: {A} model of cumulative semantic interference during lexical access in speech production},
	journal = {Cognition}
}

@article{opensesame,
	doi = {10.3758/s13428-011-0168-7},
	year = 2011,
	publisher = {Springer Nature},
	volume = {44},
	number = {2},
	pages = {314--324},
	author = {Sebastiaan Math{\^{o}}t and Daniel Schreij and Jan Theeuwes},
	title = {{OpenSesame}: {A}n open-source, graphical experiment builder for the social sciences},
	journal = {Behavior {R}esearch {M}ethods}
}
@article{raftery1995,
	doi = {10.2307/271063},
	year = 1995,
	publisher = {{JSTOR}},
	volume = {25},
	pages = {111--163},
	author = {Adrian E. Raftery},
	title = {Bayesian Model Selection in Social Research},
	journal = {Sociological {M}ethodology}
}


@article{rouder2016,
    author = {Rouder, J. N.},
    title = {The what, why, and how of born-open data},
    journal = {Behavioral Research Methods},
    year = {2016},
    volume = {48},
    pages = {1062-1069},
    doi = {10.3758/s13428-015-0630-z}
}

@article{rouder2009,
	doi = {10.3758/pbr.16.2.225},
	year = 2009,
	publisher = {Springer Nature},
	volume = {16},
	number = {2},
	pages = {225--237},
	author = {J. N. Rouder and Paul L. Speckman and Dongchu Sun and Richard D. Morey and Geoffrey Iverson},
	title = {Bayesian $t$ tests for accepting and rejecting the null hypothesis},
	journal = {Psychonomic {B}ulletin {\&} {R}eview}
}
@book{jeffreys1961,
  title={The {T}heory of {P}robability (3rd ed.)},
  author={Jeffreys, Harold},
  year={1961},
  address={Oxford, UK},
  publisher={Oxford University Press}
}


@book{luce1986,
  title={Response times: {T}heir role in inferring elementary mental organization},
  author={Luce, Robert Duncan},
  year={1986},
  publisher={Oxford University Press},
  address={New York}
}


@article{morey2008confidence,
  title={Confidence intervals from normalized data: {A} correction to Cousineau (2005)},
  author={Morey, Richard D.},
  journal={Tutorial in {Q}uantitative {M}ethods for {P}sychology},
  volume={4},
  number={2},
  pages={61--64},
  year={2008}
}

@article{groen1972,
	doi = {10.1037/h0032950},
	url = {https://doi.org/10.1037/h0032950},
	year = 1972,
	publisher = {American Psychological Association ({APA})},
	volume = {79},
	number = {4},
	pages = {329--343},
	author = {Guy J. Groen and John M. Parkman},
	title = {A chronometric analysis of simple addition.},
	journal = {Psychological {R}eview}
}

@article{ashcraft1992,
	doi = {10.1016/0010-0277(92)90051-i},
	url = {https://doi.org/10.1016/0010-0277%2892%2990051-i},
	year = 1992,
	publisher = {Elsevier {BV}},
	volume = {44},
	number = {1-2},
	pages = {75--106},
	author = {Mark H. Ashcraft},
	title = {Cognitive arithmetic: {A} review of data and theory},
	journal = {Cognition}
}

@article{mccloskey1992,
	doi = {10.1016/0010-0277(92)90052-j},
	url = {https://doi.org/10.1016/0010-0277%2892%2990052-j},
	year = 1992,
	publisher = {Elsevier {BV}},
	volume = {44},
	number = {1-2},
	pages = {107--157},
	author = {Michael McCloskey},
	title = {Cognitive mechanisms in numerical processing: {E}vidence from acquired dyscalculia},
	journal = {Cognition}
}

@article{mccloskey1995,
	doi = {10.1037/0003-066x.50.5.351},
	url = {https://doi.org/10.1037/0003-066x.50.5.351},
	year = 1995,
	publisher = {American Psychological Association ({APA})},
	volume = {50},
	number = {5},
	pages = {351--363},
	author = {Michael McCloskey and Paul Macaruso},
	title = {Representing and using numerical information.},
	journal = {American {P}sychologist}
}

@incollection{mccloskey1992chapter,
	doi = {10.1016/s0166-4115(08)60895-x},
	url = {https://doi.org/10.1016/s0166-4115(80)60895-x},
	year = 1992,
	publisher = {Elsevier},
	pages = {493--537},
	author = {Michael McCloskey and Paul Macaruso and Tony Whetstone},
	title = {The Functional Architecture Of Numerical Processing Mechanisms: {D}efending The Modular Model},
	booktitle = {The Nature and Origins of Mathematical Skills},
	editor={Jamie I. D. Campbell}
}

@article{dehaene1992,
	doi = {10.1016/0010-0277(92)90049-n},
	url = {https://doi.org/10.1016/0010-0277(92)90049-n},
	year = 1992,
	publisher = {Elsevier {BV}},
	volume = {44},
	number = {1-2},
	pages = {1--42},
	author = {Stanislas Dehaene},
	title = {Varieties of numerical abilities},
	journal = {Cognition}
}

@article{dehaene1995,
        year=1995,
	volume={1},
	number={1},
	pages={83--120},
	author={Stanislas Dehaene and Laurent Cohen},
	title={Towards an anatomical and functional model of number processing},
	journal={Mathematical {C}ognition}
}

@article{campbell1988,
	doi = {10.1037/0096-3445.117.2.204},
	url = {https://doi.org/10.1037/0096-3445.117.2.204},
	year = 1988,
	publisher = {American Psychological Association ({APA})},
	volume = {117},
	number = {2},
	pages = {204--214},
	author = {Jamie I. D. Campbell and James M. Clark},
	title = {An encoding-complex view of cognitive number processing: {C}omment on {McCloskey}, {S}okol, and {G}oodman (1986).},
	journal = {Journal of {E}xperimental {P}sychology: {G}eneral}
}

@article{campbell2004,
	doi = {10.1037/h0087447},
	url = {https://doi.org/10.1037/h0087447},
	year = 2004,
	publisher = {American Psychological Association ({APA})},
	volume = {58},
	number = {4},
	pages = {229--244},
	author = {Jamie I. D. Campbell and Lynette J. Epp},
	title = {An Encoding-Complex Approach to Numerical Cognition in {C}hinese-{E}nglish Bilinguals.},
	journal = {Canadian {J}ournal of {E}xperimental {P}sychology}
}

@incollection{zbrodoff2005,
	year = 2005,
	publisher = {Psychology {P}ress},
	address = {New York},
	pages = {331--346},
	author = {Zbrodoff, N. J. and Logan, G. D.},
	title = {What everyone finds: {T}he Problem size effect},
	booktitle = {Handbook of {M}athematical {C}ognition},
	editor={Jamie I. D. Campbell}
}

@article{campbell2001,
	doi = {10.1037/0096-3445.130.2.299},
	url = {https://doi.org/10.1037/0096-3445.130.2.299},
	year = 2001,
	publisher = {American Psychological Association ({APA})},
	volume = {130},
	number = {2},
	pages = {299--315},
	author = {Jamie I. D. Campbell and Qilin Xue},
	title = {Cognitive arithmetic across cultures},
	journal = {Journal of {E}xperimental {P}sychology: {G}eneral}
}

@article{campbellFugelsang2001,
	doi = {10.1016/s0010-0277(01)00115-9},
	url = {https://doi.org/10.1016/s0010-0277(01)00115-9},
	year = 2001,
	publisher = {Elsevier {BV}},
	volume = {80},
	number = {3},
	pages = {B21--B30},
	author = {Jamie I. D. Campbell and Jonathan Fugelsang},
	title = {Strategy choice for arithmetic verification: {E}ffects of numerical surface form},
	journal = {Cognition}
}

@article{campbell2006,
	doi = {10.3758/bf03193400},
	url = {https://doi.org/10.3758/bf03193400},
	year = 2006,
	publisher = {Springer Nature},
	volume = {34},
	number = {1},
	pages = {217--226},
	author = {Jamie I. D. Campbell and Marcie Penner-Wilger},
	title = {Calculation latency: {T}he {$\mu$} of memory and the {$\tau$} of transformation},
	journal = {Memory {\&} {C}ognition}
}

@Article{libertus2007,
author="Libertus, Melissa E.
and Woldorff, Marty G.
and Brannon, Elizabeth M.",
title="Electrophysiological evidence for notation independence in numerical processing",
journal="Behavioral and Brain Functions",
year="2007",
volume="3",
number="1",
pages="1",
issn="1744-9081",
doi="10.1186/1744-9081-3-1",
url="http://dx.doi.org/10.1186/1744-9081-3-1"
}

@article{pinel2001,
	doi = {10.1006/nimg.2001.0913},
	url = {https://doi.org/10.1006/nimg.2001.0913},
	year = 2001,
	publisher = {Elsevier {BV}},
	volume = {14},
	number = {5},
	pages = {1013--1026},
	author = {Philippe Pinel and Stanislas Dehaene and Denis Rivi{\`{e}}re and Denis LeBihan},
	title = {Modulation of Parietal Activation by Semantic Distance in a Number Comparison Task},
	journal = {{NeuroImage}}
}

@article{ganorStern2009,
title={Automatic numerical processing is based on an abstract representation},
volume={32},
DOI={10.1017/S0140525X09990781},
url={https://doi.org/10.1017/S0140525X09990781},
number={3-4},
journal={Behavioral and {B}rain {S}ciences},
publisher={Cambridge University Press},
author={Ganor-Stern, Dana},
year={2009},
pages={337--338}
}

@article{ganorStern2008,
title={Across-notation automatic numerical processing},
volume={34},
number={2},
doi={10.1037/0278-7393.34.2.430},
url={https://doi.org/10.1037/0278-7393.34.2.430},
journal={Journal of {E}xperimental {P}sychology: {L}earning, {M}emory, and {C}ognition},
author={Ganor-Stern, Dana and Tzelgov, Joseph},
year={2008},
pages={430--437}
}

@article{henik1982,
	doi = {10.3758/bf03202431},
	url = {https://doi.org/10.3758/bf03202431},
	year = 1982,
	publisher = {Springer Nature},
	volume = {10},
	number = {4},
	pages = {389--395},
	author = {Avishai Henik and Joseph Tzelgov},
	title = {Is three greater than five: {T}he relation between physical and semantic size in comparison tasks},
	journal = {Memory {\&} {C}ognition}
}

@article{megias2016,
	doi = {10.3758/s13421-015-0559-6},
	url = {https://doi.org/10.3758/s13421-015-0559-6},
	year = 2016,
	publisher = {Springer Nature},
	volume = {44},
	number = {2},
	pages = {350--364},
	author = {Patricia Meg{\'i}as and Pedro Macizo},
	title = {Activation and selection of arithmetic facts: {T}he role of numerical format},
	journal = {Memory {\&} {C}ognition}
}

@article{noel1997,
	doi = {10.1016/s0010-0277(97)00009-7},
	url = {https://doi.org/10.1016/s0010-0277(97)00009-7},
	year = 1997,
	publisher = {Elsevier {BV}},
	volume = {63},
	number = {3},
	pages = {335--374},
	author = {Marie-Pascale No{\"e}l and Wim Fias and Marc Brysbaert},
	title = {About the influence of the presentation format on arithmetical-fact retrieval processes},
	journal = {Cognition}
}

@article{schouten1967,
	doi = {10.1016/0001-6918(67)90054-6},
	url = {https://doi.org/10.1016/0001-6918(67)90054-6},
	year = 1967,
	publisher = {Elsevier {BV}},
	volume = {27},
	pages = {143--153},
	author = {J.F. Schouten and J.A.M. Bekker},
	title = {Reaction time and accuracy},
	journal = {Acta {P}sychologica}
}

@article{wickelgren1977,
	doi = {10.1016/0001-6918(77)90012-9},
	url = {https://doi.org/10.1016/0001-6918(77)90012-9},
	year = 1977,
	publisher = {Elsevier {BV}},
	volume = {41},
	number = {1},
	pages = {67--85},
	author = {Wayne A. Wickelgren},
	title = {Speed-accuracy tradeoff and information processing dynamics},
	journal = {Acta {P}sychologica}
}

@article{link1975,
	doi = {10.1007/bf02291481},
	url = {https://doi.org/10.1007/bf02291481},
	year = 1975,
	publisher = {Springer Nature},
	volume = {40},
	number = {1},
	pages = {77--105},
	author = {S. W. Link and R. A. Heath},
	title = {A sequential theory of psychological discrimination},
	journal = {Psychometrika}
}

@article{ratcliff2008,
	doi = {10.1162/neco.2008.12-06-420},
	url = {https://doi.org/10.1162/neco.2008.12-06-420},
	year = 2008,
	publisher = {{MIT} Press - Journals},
	volume = {20},
	number = {4},
	pages = {873--922},
	author = {Roger Ratcliff and Gail McKoon},
	title = {The Diffusion Decision Model: {T}heory and Data for Two-Choice Decision Tasks},
	journal = {Neural {C}omputation}
}

@article{ratcliff2016,
	doi = {10.1016/j.tics.2016.01.007},
	url = {https://doi.org/10.1016/j.tics.2016.01.007},
	year = 2016,
	publisher = {Elsevier {BV}},
	volume = {20},
	number = {4},
	pages = {260--281},
	author = {Roger Ratcliff and Philip L. Smith and Scott D. Brown and Gail McKoon},
	title = {Diffusion Decision Model: {C}urrent Issues and History},
	journal = {Trends in {C}ognitive {S}ciences}
}

@article{ratcliff1976,
	doi = {10.1037/0033-295x.83.3.190},
	url = {https://doi.org/10.1037/0033-295x.83.3.190},
	year = 1976,
	publisher = {American Psychological Association ({APA})},
	volume = {83},
	number = {3},
	pages = {190--214},
	author = {Roger Ratcliff and Bennet B. Murdock},
	title = {Retrieval processes in recognition memory},
	journal = {Psychological {R}eview}
}

@article{ratcliff1978,
	doi = {10.1037/0033-295x.85.2.59},
	url = {https://doi.org/10.1037/0033-295x.85.2.59},
	year = 1978,
	publisher = {American Psychological Association ({APA})},
	volume = {85},
	number = {2},
	pages = {59--108},
	author = {Roger Ratcliff},
	title = {A theory of memory retrieval},
	journal = {Psychological {R}eview}
}

@article{wagenmakers2007,
	doi = {10.3758/bf03194023},
	url = {https://doi.org/10.3758/bf03194023},
	year = 2007,
	publisher = {Springer Nature},
	volume = {14},
	number = {1},
	pages = {3--22},
	author = {Eric-Jan Wagenmakers and Han L. J. Van Der Maas and Raoul P. P. P. Grasman},
	title = {An {EZ}-diffusion model for response time and accuracy},
	journal = {Psychonomic {B}ulletin {\&} {R}eview}
}

@article{anders2016,
	doi = {10.1037/met0000066},
	url = {https://doi.org/10.1037/met0000066},
	year = 2016,
	publisher = {American Psychological Association ({APA})},
	volume = {21},
	number = {3},
	pages = {309--327},
	author = {Royce Anders and F.-Xavier Alario and Leendert Van Maanen},
	title = {The shifted {W}ald distribution for response time data analysis},
	journal = {Psychological {M}ethods}
}

@article{carpenter1995,
	doi = {10.1038/377059a0},
	url = {https://doi.org/10.1038/377059a0},
	year = 1995,
	publisher = {Springer Nature},
	volume = {377},
	number = {6544},
	pages = {59--62},
	author = {R. H. S. Carpenter and M. L. L. Williams},
	title = {Neural computation of log likelihood in control of saccadic eye movements},
	journal = {Nature}
}


@article{heathcote2004,
	doi = {10.3758/bf03206550},
	url = {https://doi.org/10.3758/bf03206550},
	year = 2004,
	publisher = {Springer Nature},
	volume = {36},
	number = {4},
	pages = {678--694},
	author = {Andrew Heathcote},
	title = {Fitting {W}ald and ex-{W}ald distributions to response time data: {A}n example using functions for the {S-PLUS} package},
	journal = {Behavior {R}esearch {M}ethods, {I}nstruments, {\&} {C}omputers}
}

@article{schwarz2001,
	doi = {10.3758/bf03195403},
	url = {https://doi.org/10.3758/bf03195403},
	year = 2001,
	publisher = {Springer Nature},
	volume = {33},
	number = {4},
	pages = {457--469},
	author = {Wolfgang Schwarz},
	title = {The ex-{W}ald distribution as a descriptive model of response times},
	journal = {Behavior {R}esearch {M}ethods, {I}nstruments, {\&} {C}omputers}
}

@book{wald1947,
author={A. Wald},
title={Sequential analysis},
date={1947},
publisher={Wiley},
address={New York}
}

@article{leys2013,
	doi = {10.1016/j.jesp.2013.03.013},
	url = {https://doi.org/10.1016/j.jesp.2013.03.013},
	year = 2013,
	publisher = {Elsevier {BV}},
	volume = {49},
	number = {4},
	pages = {764--766},
	author = {Christophe Leys and Christophe Ley and Olivier Klein and Philippe Bernard and Laurent Licata},
	title = {Detecting outliers: {D}o not use standard deviation around the mean, use absolute deviation around the median},
	journal = {Journal of {E}xperimental {S}ocial {P}sychology}
}

@article{rouder2012,
	doi = {10.1016/j.jmp.2012.08.001},
	url = {https://doi.org/10.1016/j.jmp.2012.08.001},
	year = 2012,
	publisher = {Elsevier {BV}},
	volume = {56},
	number = {5},
	pages = {356--374},
	author = {Jeffrey N. Rouder and Richard D. Morey and Paul L. Speckman and Jordan M. Province},
	title = {Default {B}ayes factors for {ANOVA} designs},
	journal = {Journal of {M}athematical {P}sychology}
}



